<collection xmlns="http://www.loc.gov/MARC21/slim">
<record>
  <leader>01354nam0a22002891i 450 </leader>
  <controlfield tag="001">IT\ICCU\CNCE\070429</controlfield>
  <controlfield tag="005">20100609000000.0</controlfield>
  <datafield tag="012" ind1=" " ind2=" ">
    <subfield code="a">Eii: lele i.o. ChHo (C) 1518 (R)</subfield>
    <subfield code="2">fei</subfield>
  </datafield>
  <datafield tag="100" ind1=" " ind2=" ">
    <subfield code="a">20070426d1518        0itac0103    ba</subfield>
  </datafield>
  <datafield tag="101" ind1=" " ind2=" ">
    <subfield code="a">ITA</subfield>
  </datafield>
  <datafield tag="102" ind1=" " ind2=" ">
    <subfield code="a">IT</subfield>
  </datafield>
  <datafield tag="200" ind1="1" ind2=" ">
    <subfield code="a">Operetta nuoua amorosa de Nocturno Napolitano nella qual si contiene strambotti. Sonetti. Capitoli. Epistole. Et vna disperata</subfield>
  </datafield>
  <datafield tag="210" ind1=" " ind2=" ">
    <subfield code="e">Stampata in Venetia</subfield>
    <subfield code="g">per Zorzi di Rusconi milanese</subfield>
    <subfield code="g">ad instantia de Theodoro venetiano</subfield>
    <subfield code="h">1518 adi xx de mazo</subfield>
  </datafield>
  <datafield tag="215" ind1=" " ind2=" ">
    <subfield code="a">\12! c.</subfield>
    <subfield code="d">8ʻ</subfield>
  </datafield>
  <datafield tag="620" ind1=" " ind2=" ">
    <subfield code="a">IT</subfield>
    <subfield code="d">Venezia</subfield>
  </datafield>
  <datafield tag="700" ind1=" " ind2="0">
    <subfield code="a">Notturno Napoletano</subfield>
    <subfield code="3">IT\ICCU\CNCA\006825</subfield>
  </datafield>
  <datafield tag="712" ind1="0" ind2="0">
    <subfield code="a">Rusconi, Giorgio</subfield>
    <subfield code="3">IT\ICCU\CNCT\000072</subfield>
    <subfield code="4">650</subfield>
  </datafield>
  <datafield tag="712" ind1="0" ind2="0">
    <subfield code="a">Veneziano, Teodoro</subfield>
    <subfield code="3">IT\ICCU\CNCT\006173</subfield>
    <subfield code="4">650</subfield>
  </datafield>
  <datafield tag="790" ind1=" " ind2="0">
    <subfield code="a">Syrena nocturna neapolitana</subfield>
    <subfield code="3">IT\ICCU\CNCA\019981</subfield>
    <subfield code="z">Notturno Napoletano</subfield>
  </datafield>
  <datafield tag="791" ind1="0" ind2="0">
    <subfield code="a">Rusconibus, Georgius de</subfield>
    <subfield code="3">IT\ICCU\CNCT\005483</subfield>
    <subfield code="z">Rusconi, Giorgio</subfield>
  </datafield>
  <datafield tag="791" ind1="0" ind2="0">
    <subfield code="a">Rusco, Georgius</subfield>
    <subfield code="3">IT\ICCU\CNCT\005485</subfield>
    <subfield code="z">Rusconi, Giorgio</subfield>
  </datafield>
  <datafield tag="791" ind1="0" ind2="0">
    <subfield code="a">Ruschoni, Zorzi di</subfield>
    <subfield code="3">IT\ICCU\CNCT\005487</subfield>
    <subfield code="z">Rusconi, Giorgio</subfield>
  </datafield>
  <datafield tag="791" ind1="0" ind2="2">
    <subfield code="a">Teodoro Veneziano</subfield>
    <subfield code="3">IT\ICCU\CNCT\006174</subfield>
    <subfield code="z">Veneziano, Teodoro</subfield>
  </datafield>
  <datafield tag="791" ind1="0" ind2="0">
    <subfield code="a">Venetiano, Theodoro</subfield>
    <subfield code="3">IT\ICCU\CNCT\006175</subfield>
    <subfield code="z">Veneziano, Teodoro</subfield>
  </datafield>
  <datafield tag="791" ind1="0" ind2="2">
    <subfield code="a">Theodoro Venetiano</subfield>
    <subfield code="3">IT\ICCU\CNCT\006176</subfield>
    <subfield code="z">Veneziano, Teodoro</subfield>
  </datafield>
  <datafield tag="801" ind1=" " ind2="3">
    <subfield code="a">IT</subfield>
    <subfield code="b">ICCU</subfield>
    <subfield code="c">20201115</subfield>
  </datafield>
  <datafield tag="899" ind1=" " ind2=" ">
    <subfield code="a">British Library. London</subfield>
    <subfield code="1">UK0001</subfield>
  </datafield>
</record>
</collection>
